% Bibliography of key references for "LaTeX for Thesis and Large Documents"
% For use with BibTeX

@techreport{adachi.paper, 
	author = {Satoru Adachi, Satoru Iwata, Yuji Nakatsukasa, and Akiko Takeda},
	title = {Solving the Trust Region Subproblem by a Generalized Eigenvalue Problem},
	institution = {The University of Tokyo},
	year = 2015,
	address = {Tokyo, Japan}
}

@book{Goodfellow-et-al-2016,
	title={Deep Learning},
	author={Ian Goodfellow and Yoshua Bengio and Aaron Courville},
	publisher={MIT Press},
	note={\url{http://www.deeplearningbook.org}},
	year={2016}
}

@misc{ml_repo ,
	author = "M. Lichman",
	year = "2013",
	title = "{UCI} Machine Learning Repository",
	url = "http://archive.ics.uci.edu/ml",
	institution = "University of California, Irvine, School of Information and Computer Sciences" } 

@inproceedings{krizhevsky2012imagenet,
	title={Imagenet classification with deep convolutional neural networks},
	author={Krizhevsky, Alex and Sutskever, Ilya and Hinton, Geoffrey E},
	booktitle={Advances in neural information processing systems},
	pages={1097--1105},
	year={2012}
}

@article{hornik1989multilayer,
	title={Multilayer feedforward networks are universal approximators},
	author={Hornik, Kurt and Stinchcombe, Maxwell and White, Halbert},
	journal={Neural networks},
	volume={2},
	number={5},
	pages={359--366},
	year={1989},
	publisher={Elsevier}
}

@incollection{hastie2009overview,
	title={Overview of supervised learning},
	author={Hastie, Trevor and Tibshirani, Robert and Friedman, Jerome},
	booktitle={The elements of statistical learning},
	pages={9--41},
	year={2009},
	publisher={Springer}
}

@article{shultz1985family,
	title={A family of trust-region-based algorithms for unconstrained minimization with strong global convergence properties},
	author={Shultz, Gerald A and Schnabel, Robert B and Byrd, Richard H},
	journal={SIAM Journal on Numerical Analysis},
	volume={22},
	number={1},
	pages={47--67},
	year={1985},
	publisher={SIAM}
}

@book{Perceptrons.book,
	title={Perceptrons},
	author={Marvin Minsky and Seymour Papert},
	publisher={M.I.T Press},
	address = {Oxford, England},
	year={1969}
}

@book{priddy2005artificial,
	title={Artificial neural networks: an introduction},
	author={Priddy, Kevin L and Keller, Paul E},
	volume={68},
	year={2005},
	publisher={SPIE press}
}

@inproceedings{martens2010deep,
	title={Deep learning via Hessian-free optimization},
	author={Martens, James},
	booktitle={Proceedings of the 27th International Conference on Machine Learning (ICML-10)},
	pages={735--742},
	year={2010}
}

@inproceedings{saddle_free,
	title={Identifying and attacking the saddle point problem in high-dimensional non-convex optimization},
	author={Dauphin, Yann N and Pascanu, Razvan and Gulcehre, Caglar and Cho, Kyunghyun and Ganguli, Surya and Bengio, Yoshua},
	booktitle={Advances in neural information processing systems},
	pages={2933--2941},
	year={2014}
}

@book{Shepherd.1997,
	title={Second-Order Methods for Neural Networks: Fast and Reliable Training Methods for Multi-Layer Perceptrons},
	author={Adrian J. Shepherd},
	publisher={Springer},
	year={1997}
}

@book{Fletcher.1987,
	title={Practical Methods of Optimization},
	edition={2nd},
	author={R. Fletcher},
	publisher={John Wiley & Sons},
	year={1987},
	address = {New York}
}

@article{gd_converges.paper,
	title={Gradient Descent Only Converges to Minimizers},
	author={Jason D. Lee, Max Simchowitz, Michael I. Jordan, Benjamin Recht},
	year = {2016},
	journal = {JMLR: Workshop and Conference Proceedings vol 49},
	pages = {1-12}
}

@article{strakovs1991real,
	title={On the real convergence rate of the conjugate gradient method},
	author={Strako{\v{s}}, Z},
	journal={Linear algebra and its applications},
	volume={154},
	pages={535--549},
	year={1991},
	publisher={Elsevier}
}

@article{Pearlmutter.1993,
	title={Fast exact multiplication by the Hessian},
	author={Pearlmutter, B. A.},
	year = {1994},
	journal = {Neural Computation 6.1},
	pages = {147-160}
}

@book{demmel.book,
	title={Applied Numerical Linear Algebra},
	author={James W. Demmel},
	year={1997},
	publisher={SIAM},
	address = {Philadelphia, PA}
}

@book{TRM.book,
	title={Trust-Region Methods},
	author={Andrew R. Conn, Nicholas I. M. Gould and Philippe L.Toint},
	year={2000},
	note={Series on Optimization},
	publisher={MPS and SIAM},
	address = {Philadelphia, PA}
}

@article{dropout,
	title={Dropout: a simple way to prevent neural networks from overfitting.},
	author={Srivastava, Nitish and Hinton, Geoffrey E and Krizhevsky, Alex and Sutskever, Ilya and Salakhutdinov, Ruslan},
	journal={Journal of machine learning research},
	volume={15},
	number={1},
	pages={1929--1958},
	year={2014}
}

@article{mnist,
	added-at = {2010-06-28T21:16:30.000+0200},
	author = {LeCun, Yann and Cortes, Corinna},
	biburl = {http://www.bibsonomy.org/bibtex/2935bad99fa1f65e03c25b315aa3c1032/mhwombat},
	groups = {public},
	howpublished = {http://yann.lecun.com/exdb/mnist/},
	interhash = {21b9d0558bd66279df9452562df6e6f3},
	intrahash = {935bad99fa1f65e03c25b315aa3c1032},
	keywords = {MSc _checked character_recognition mnist network neural},
	lastchecked = {2016-01-14 14:24:11},
	timestamp = {2016-07-12T19:25:30.000+0200},
	title = {{MNIST} handwritten digit database},
	url = {http://yann.lecun.com/exdb/mnist/},
	username = {mhwombat},
	year = 2010
}

@inproceedings{ma2002natural,
	title={Natural language processing with neural networks},
	author={Ma, Qing},
	booktitle={Language Engineering Conference, 2002. Proceedings},
	pages={45--56},
	year={2002},
	organization={IEEE}
}

@article{silver2016mastering,
	title={Mastering the game of Go with deep neural networks and tree search},
	author={Silver, David and Huang, Aja and Maddison, Chris J and Guez, Arthur and Sifre, Laurent and Van Den Driessche, George and Schrittwieser, Julian and Antonoglou, Ioannis and Panneershelvam, Veda and Lanctot, Marc and others},
	journal={Nature},
	volume={529},
	number={7587},
	pages={484--489},
	year={2016},
	publisher={Nature Publishing Group}
}

@misc{tutorial,
	title = {UFLDL Tutorial},
	howpublished = {\url{http://ufldl.stanford.edu/tutorial/}},
	author={Andrew Ng, Jiquan Ngiam, Chuan Yu Foo, Yifan Mai, Caroline Suen, Adam Coates, Andrew Maas, Awni Hannun, Brody Huval, Tao Wang, Sameep Tandon} 
	note = {Accessed: 2017-06-25}
}

@article{vapnik1999overview,
	title={An overview of statistical learning theory},
	author={Vapnik, Vladimir N},
	journal={IEEE transactions on neural networks},
	volume={10},
	number={5},
	pages={988--999},
	year={1999},
	publisher={IEEE}
}
@article{bojarski2016end,
	title={End to end learning for self-driving cars},
	author={Bojarski, Mariusz and Del Testa, Davide and Dworakowski, Daniel and Firner, Bernhard and Flepp, Beat and Goyal, Prasoon and Jackel, Lawrence D and Monfort, Mathew and Muller, Urs and Zhang, Jiakai and others},
	journal={arXiv preprint arXiv:1604.07316},
	year={2016}
}

@book{golub1989matrix,
	title={Matrix computations},
	author={Golub, Gene H and Van Loan, Charles F},
	volume={2},
	year={1989},
	publisher={JHU Press}
}

@misc{shewchuk1994introduction,
	title={An introduction to the conjugate gradient method without the agonizing pain},
	author={Shewchuk, Jonathan Richard and others},
	year={1994},
	publisher={Carnegie-Mellon University. Department of Computer Science}
}

@incollection{vapnik2015uniform,
	title={On the uniform convergence of relative frequencies of events to their probabilities},
	author={Vapnik, Vladimir N and Chervonenkis, A Ya},
	booktitle={Measures of Complexity},
	pages={11--30},
	year={2015},
	publisher={Springer}
}

@article{mahsereci2017early,
	title={Early Stopping without a Validation Set},
	author={Mahsereci, Maren and Balles, Lukas and Lassner, Christoph and Hennig, Philipp},
	journal={arXiv preprint arXiv:1703.09580},
	year={2017}
}

@article{tetko1995neural,
	title={Neural network studies. 1. Comparison of overfitting and overtraining},
	author={Tetko, Igor V and Livingstone, David J and Luik, Alexander I},
	journal={Journal of chemical information and computer sciences},
	volume={35},
	number={5},
	pages={826--833},
	year={1995},
	publisher={ACS Publications}
}

@book{boyd,
	title={Convex optimization},
	author={Boyd, Stephen and Vandenberghe, Lieven},
	year={2004},
	publisher={Cambridge university press}
}

@misc{Habe,
	title = {Haberman's Survival Data},
	author = {Haberman, S.J.},
	year = {1976},
	url = {https://archive.ics.uci.edu/ml/datasets/Haberman's+Survival}
}

@misc{Nurs,
	title = {Nursery Database},
	author = {Vladislav Rajkovic et al.},
	year = {1989},
	url = {https://archive.ics.uci.edu/ml/datasets/Nursery}
}

@misc{IRIS,
	author = {Fisher, R.A.},
	title = {Iris Plants Database},
	year = {1936},
	url = {https://archive.ics.uci.edu/ml/datasets/iris}
}

@misc{Derm,
	title = {Dermatology Database},
	author = {H. Altay Gubenir, Gulsen Demiroz, Nilsel Ilter},
	year = {1998},
	url = {http://archive.ics.uci.edu/ml/datasets/dermatology}
}